<record><leader>00000cas a22000007a 4500</leader><controlfield tag="001">12986795</controlfield><controlfield tag="008">860107d194u1962wiuwr ne      0    0eng d</controlfield><datafield ind1=" " ind2=" " tag="010"><subfield code="a">sn 86086054 </subfield></datafield><datafield ind1=" " ind2=" " tag="040"><subfield code="a">NPV</subfield><subfield code="b">eng</subfield><subfield code="c">NPV</subfield><subfield code="d">OCLCQ</subfield></datafield><datafield ind1=" " ind2=" " tag="042"><subfield code="a">msc</subfield></datafield><datafield ind1=" " ind2=" " tag="045"><subfield code="a">x4x6</subfield></datafield><datafield ind1=" " ind2=" " tag="052"><subfield code="a">4123</subfield><subfield code="b">B7</subfield></datafield><datafield ind1="0" ind2="0" tag="245"><subfield code="a">Farmer's friend.</subfield></datafield><datafield ind1="1" ind2="3" tag="246"><subfield code="a">Rural reporter</subfield></datafield><datafield ind1=" " ind2=" " tag="260"><subfield code="a">Green Bay, Wis. :</subfield><subfield code="b">Farm Publications,</subfield><subfield code="c">-1962.</subfield></datafield><datafield ind1=" " ind2=" " tag="300"><subfield code="a">v. :</subfield><subfield code="b">ill.</subfield></datafield><datafield ind1=" " ind2=" " tag="310"><subfield code="a">Weekly</subfield></datafield><datafield ind1=" " ind2=" " tag="321"><subfield code="a">Semimonthly,</subfield><subfield code="b">&lt;Vol. 2, no. 13 (Dec. 17, 1942)&gt;-v. 5, no. 20 (Apr. 26, 1946)</subfield></datafield><datafield ind1="0" ind2=" " tag="362"><subfield code="a">-v. 22, no. 28 (July 13, 1962).</subfield></datafield><datafield ind1=" " ind2=" " tag="500"><subfield code="a">On masthead: Rural reporter.</subfield></datafield><datafield ind1=" " ind2=" " tag="500"><subfield code="a">"Wisconsin's Farm Newspaper."</subfield></datafield><datafield ind1=" " ind2=" " tag="500"><subfield code="a">Editor: C. Murphy, &lt;Dec. 17, 1942&gt;-July 13, 1962.</subfield></datafield><datafield ind1=" " ind2=" " tag="525"><subfield code="a">Supplements accompany some issues.</subfield></datafield><datafield ind1=" " ind2=" " tag="530"><subfield code="a">Available on microfilm from The State Historical Society of Wisconsin.</subfield></datafield><datafield ind1=" " ind2=" " tag="588"><subfield code="a">Description based on: Vol. 2, no. 13 (Dec. 17, 1942).</subfield></datafield><datafield ind1=" " ind2=" " tag="752"><subfield code="a">United States</subfield><subfield code="b">Wisconsin</subfield><subfield code="c">Brown</subfield><subfield code="d">Green Bay.</subfield></datafield><datafield ind1="0" ind2="0" tag="785"><subfield code="t">Farmer's friend and rural reporter</subfield><subfield code="w">(DLC)sn 86086055</subfield></datafield><datafield ind1="1" ind2=" " tag="029"><subfield code="a">AU@</subfield><subfield code="b">000023435681</subfield></datafield></record>